@INPROCEEDINGS{Bouaziz:2013:SIC:2600289.2600305,
	author = {Bouaziz, Sofien and Tagliasacchi, Andrea and Pauly, Mark},
	title = {Sparse Iterative Closest Point},
	booktitle = {Proceedings of the Eleventh Eurographics/ACMSIGGRAPH Symposium on Geometry Processing},
	series = {SGP '13},
	year = {2013},
	location = {Genova, Italy},
	pages = {113--123},
	numpages = {11},
	url = {http://dx.doi.org/10.1111/cgf.12178},
	doi = {10.1111/cgf.12178},
	acmid = {2600305},
	publisher = {Eurographics Association},
	address = {Aire-la-Ville, Switzerland, Switzerland},
} 

@INPROCEEDINGS{WangImageiccv2013, 
	author={Fan Wang and Qixing Huang and Guibas, L.J.}, 
	booktitle={Computer Vision (ICCV), 2013 IEEE International Conference on}, 
	title={Image Co-segmentation via Consistent Functional Maps}, 
	year={2013}, 
	month={Dec}, 
	pages={849-856}, 
	doi={10.1109/ICCV.2013.110}, 
	ISSN={1550-5499}
}
@Inbook{Evangelidis2014,
	author="Evangelidis, Georgios D.
	and Kounades-Bastian, Dionyssos
	and Horaud, Radu
	and Psarakis, Emmanouil Z.",
	editor="Fleet, David
	and Pajdla, Tomas
	and Schiele, Bernt
	and Tuytelaars, Tinne",
	title="A Generative Model for the Joint Registration of Multiple Point Sets",
	bookTitle="Computer Vision -- ECCV 2014: 13th European Conference, Zurich, Switzerland, September 6-12, 2014, Proceedings, Part VII",
	year="2014",
	publisher="Springer International Publishing",
	address="Cham",
	pages="109--122",
	isbn="978-3-319-10584-0",
	doi="10.1007/978-3-319-10584-0_8",
	url="http://dx.doi.org/10.1007/978-3-319-10584-0_8"
}
@article{Jia20153D,
	title={3{D} Reasoning from Blocks to Stability},
	author={Jia, Zhaoyin and Gallagher, Andrew C. and Saxena, Ashutosh and Chen, Tsuhan},
	journal={IEEE Transactions on Pattern Analysis and Machine Intelligence},
	volume={37},
	number={5},
	pages={905-918},
	year={2015},
}

@inproceedings{Kr2012Efficient,
	title={Efficient Inference in Fully Connected CRFs with Gaussian Edge Potentials},
	author={Krähenbühl, Philipp and Koltun, Vladlen},
	booktitle={Advances in Neural Information Processing Systems},
	pages={109-117},
	year={2012},
}

@article{Ovsjanikov2012Functional,
	title={Functional maps: a flexible representation of maps between shapes},
	author={Ovsjanikov, Maks and Ben-Chen, Mirela and Solomon, Justin and Butscher, Adrian and Guibas, Leonidas},
	journal={Acm Transactions on Graphics},
	volume={31},
	number={4},
	pages={13-15},
	year={2012},
}

@ARTICLE {RRDCS,
	author = {Rodolà, E. and Bulò, S. Rota and Cremers, D.},
	title = {Robust Region Detection via Consensus Segmentation of Deformable Shapes},
	journal = {Computer Graphics Forum},
	volume = {33},
	number = {5},
	issn = {1467-8659},
	url = {http://dx.doi.org/10.1111/cgf.12435},
	doi = {10.1111/cgf.12435},
	pages = {97--106},
	keywords = {Categories and Subject Descriptors (according to ACM CCS), I.3.5 [Computer Graphics]: Computational Geometry and Object Modeling—Shape Analysis},
	year = {2014},
}

@INPROCEEDINGS{SI-HKS5539838, 
	author={M. M. Bronstein and I. Kokkinos}, 
	booktitle={Computer Vision and Pattern Recognition (CVPR), 2010 IEEE Conference on}, 
	title={Scale-invariant heat kernel signatures for non-rigid shape recognition}, 
	year={2010}, 
	pages={1704-1711}, 
	keywords={Fourier transforms;information retrieval;shape recognition;vocabulary;Fourier transform;diffusion scale space analysis;multiplicative constant;scale invariant heat kernel signature;shape descriptor;shape recognition;shape retrieval;Computer vision;Extraterrestrial measurements;Geometry;Image analysis;Image retrieval;Image sampling;Information retrieval;Internet;Kernel;Shape}, 
	doi={10.1109/CVPR.2010.5539838}, 
	ISSN={1063-6919}, 
	month={June},}

@INPROCEEDINGS{1631196, 
	author={B. Levy}, 
	booktitle={IEEE International Conference on Shape Modeling and Applications 2006 (SMI'06)}, 
	title={Laplace-Beltrami Eigenfunctions Towards an Algorithm That "Understands" Geometry}, 
	year={2006}, 
	pages={13-13}, 
	keywords={computational geometry;eigenvalues and eigenfunctions;graph theory;image reconstruction;image representation;mathematical operators;Laplace-Beltrami eigenfunction;differential operator;geometry processing;hierarchical function base;higher-level representation;image reconstruction;object parameterization;spherical harmonics;Calculus;Computational geometry;Eigenvalues and eigenfunctions;Finite element methods;Joining processes;Laplace equations;Mesh generation;Shape;Surface reconstruction;Topology}, 
	doi={10.1109/SMI.2006.21}, 
	month={June},}
