@INPROCEEDINGS{Bouaziz:2013:SIC:2600289.2600305,
	author = {Bouaziz, Sofien and Tagliasacchi, Andrea and Pauly, Mark},
	title = {Sparse Iterative Closest Point},
	booktitle = {Proceedings of the Eleventh Eurographics/ACMSIGGRAPH Symposium on Geometry Processing},
	series = {SGP '13},
	year = {2013},
	location = {Genova, Italy},
	pages = {113--123},
	numpages = {11},
	url = {http://dx.doi.org/10.1111/cgf.12178},
	doi = {10.1111/cgf.12178},
	acmid = {2600305},
	publisher = {Eurographics Association},
	address = {Aire-la-Ville, Switzerland, Switzerland},
} 
@ARTICLE{Fisher:ActivityCentricSceneSynthesis,
	author = {Fisher, Matthew and Savva, Manolis and Li, Yangyan and Hanrahan, Pat and Nie{\ss}ner, Matthias},
	title = {Activity-centric Scene Synthesis for Functional 3D Scene Modeling},
	journal = {ACM Trans. Graph.},
	issue_date = {November 2015},
	volume = {34},
	number = {6},
	month = oct,
	year = {2015},
	issn = {0730-0301},
	pages = {179:1--179:13},
	articleno = {179},
	numpages = {13},
	url = {http://doi.acm.org/10.1145/2816795.2818057},
	doi = {10.1145/2816795.2818057},
	acmid = {2818057},
	publisher = {ACM},
	address = {New York, NY, USA},
	keywords = {activities, scene synthesis, scene understanding},
}
@ARTICLE{Merrell:2011:IFL:2010324.1964982,
	author = {Merrell, Paul and Schkufza, Eric and Li, Zeyang and Agrawala, Maneesh and Koltun, Vladlen},
	title = {Interactive Furniture Layout Using Interior Design Guidelines},
	journal = {ACM Trans. Graph.},
	issue_date = {July 2011},
	volume = {30},
	number = {4},
	month = jul,
	year = {2011},
	issn = {0730-0301},
	pages = {87:1--87:10},
	articleno = {87},
	numpages = {10},
	url = {http://doi.acm.org/10.1145/2010324.1964982},
	doi = {10.1145/2010324.1964982},
	acmid = {1964982},
	publisher = {ACM},
	address = {New York, NY, USA},
	keywords = {furniture arrangement, interaction, interior design, layout interfaces},
}
@INPROCEEDINGS{WangImageiccv2013, 
	author={Fan Wang and Qixing Huang and Guibas, L.J.}, 
	booktitle={Computer Vision (ICCV), 2013 IEEE International Conference on}, 
	title={Image Co-segmentation via Consistent Functional Maps}, 
	year={2013}, 
	month={Dec}, 
	pages={849-856}, 
	doi={10.1109/ICCV.2013.110}, 
	ISSN={1550-5499},
}
@ARTICLE{Maron:2016:ConvRelax,
	author = {Maron, Haggai and Dym, Nadav and Kezurer, Itay and Kovalsky, Shahar and Lipman, Yaron},
	title = {Point Registration via Efficient Convex Relaxation},
	journal = {ACM Trans. Graph.},
	issue_date = {July 2016},
	volume = {35},
	number = {4},
	month = jul,
	year = {2016},
	issn = {0730-0301},
	pages = {73:1--73:12},
	articleno = {73},
	numpages = {12},
	url = {http://doi.acm.org/10.1145/2897824.2925913},
	doi = {10.1145/2897824.2925913},
	acmid = {2925913},
	publisher = {ACM},
	address = {New York, NY, USA},
	keywords = {convex relaxation, point registration, shape matching},
}
@ARTICLE{Xu:2015:ACS:2816795.2818075,
	author = {Xu, Kai and Huang, Hui and Shi, Yifei and Li, Hao and Long, Pinxin and Caichen, Jianong and Sun, Wei and Chen, Baoquan},
	title = {Autoscanning for Coupled Scene Reconstruction and Proactive Object Analysis},
	journal = {ACM Trans. Graph.},
	issue_date = {November 2015},
	volume = {34},
	number = {6},
	month = oct,
	year = {2015},
	issn = {0730-0301},
	pages = {177:1--177:14},
	articleno = {177},
	numpages = {14},
	url = {http://doi.acm.org/10.1145/2816795.2818075},
	doi = {10.1145/2816795.2818075},
	acmid = {2818075},
	publisher = {ACM},
	address = {New York, NY, USA},
	keywords = {autonomous scanning, object-aware reconstruction, proactive analysis, scene reconstruction},
}
@Inbook{Evangelidis2014,
	author="Evangelidis, Georgios D. and Kounades-Bastian, Dionyssos
	and Horaud, Radu and Psarakis, Emmanouil Z.",
	title="A Generative Model for the Joint Registration of Multiple Point Sets",
	bookTitle="ECCV",
	year="2014",
	publisher="Springer International Publishing",
	address="Cham",
	pages="109--122",
	isbn="978-3-319-10584-0",
	doi="10.1007/978-3-319-10584-0_8",
	url="http://dx.doi.org/10.1007/978-3-319-10584-0_8",
}
@ARTICLE{3DReasoningfromBlockstoStability, 
	author={Z. Jia and A. C. Gallagher and A. Saxena and T. Chen}, 
	journal={IEEE Transactions on Pattern Analysis and Machine Intelligence}, 
	title={3D Reasoning from Blocks to Stability}, 
	year={2015}, 
	volume={37}, 
	number={5}, 
	pages={905-918}, 
	keywords={image colour analysis;image representation;image segmentation;iterative methods;optimisation;3D reasoning;3D representation;3D volumetric reasoning;RGB-D image parsing;RGB-D segmentation;block representation;energy function;object segmentation;object stability;optimization iteration;physical laws;physical space;scene understanding tasks;scene volumetric representation;stability-reasoning framework;Cognition;Color;Feature extraction;Image color analysis;Image segmentation;Stability analysis;Three-dimensional displays;Segmentation;computer vision;scene understanding}, 
	doi={10.1109/TPAMI.2014.2359435}, 
	ISSN={0162-8828}, 
	month={May},}
@INCOLLECTION{NIPS2011_4296,
	title = {Efficient Inference in Fully Connected CRFs with Gaussian Edge Potentials},
	author = {Philipp Kr\"{a}henb\"{u}hl and Koltun, Vladlen},
	booktitle = {Advances in Neural Information Processing Systems 24},
	editor = {J. Shawe-Taylor and R. S. Zemel and P. L. Bartlett and F. Pereira and K. Q. Weinberger},
	pages = {109--117},
	year = {2011},
	publisher = {Curran Associates, Inc.},
	url = {http://papers.nips.cc/paper/4296-efficient-inference-in-fully-connected-crfs-with-gaussian-edge-potentials.pdf}
}

@ARTICLE{Ovsjanikov:2012:FMF:2185520.2185526,
	author = {Ovsjanikov, Maks and Ben-Chen, Mirela and Solomon, Justin and Butscher, Adrian and Guibas, Leonidas},
	title = {Functional Maps: A Flexible Representation of Maps Between Shapes},
	journal = {ACM Trans. Graph.},
	issue_date = {July 2012},
	volume = {31},
	number = {4},
	month = jul,
	year = {2012},
	issn = {0730-0301},
	pages = {30:1--30:11},
	articleno = {30},
	numpages = {11},
	url = {http://doi.acm.org/10.1145/2185520.2185526},
	doi = {10.1145/2185520.2185526},
	acmid = {2185526},
	publisher = {ACM},
	address = {New York, NY, USA},
	keywords = {correspondence, representation, shape matching},
} 

@ARTICLE{RRDCS,
	author = {Rodolà, E. and Bulò, S. Rota and Cremers, D.},
	title = {Robust Region Detection via Consensus Segmentation of Deformable Shapes},
	journal = {Computer Graphics Forum},
	volume = {33},
	number = {5},
	issn = {1467-8659},
	url = {http://dx.doi.org/10.1111/cgf.12435},
	doi = {10.1111/cgf.12435},
	pages = {97--106},
	keywords = {Categories and Subject Descriptors (according to ACM CCS), I.3.5 [Computer Graphics]: Computational Geometry and Object Modeling?Shape Analysis},
	year = {2014},
}

@INPROCEEDINGS{SI-HKS5539838, 
	author={M. M. Bronstein and I. Kokkinos}, 
	booktitle={Computer Vision and Pattern Recognition (CVPR), 2010 IEEE Conference on}, 
	title={Scale-invariant heat kernel signatures for non-rigid shape recognition}, 
	year={2010}, 
	pages={1704-1711}, 
	keywords={Fourier transforms;information retrieval;shape recognition;vocabulary;Fourier transform;diffusion scale space analysis;multiplicative constant;scale invariant heat kernel signature;shape descriptor;shape recognition;shape retrieval;Computer vision;Extraterrestrial measurements;Geometry;Image analysis;Image retrieval;Image sampling;Information retrieval;Internet;Kernel;Shape}, 
	doi={10.1109/CVPR.2010.5539838}, 
	ISSN={1063-6919}, 
	month={June},
	}

@INPROCEEDINGS{LaplaceBeltrami, 
	author={B. Levy}, 
	booktitle={IEEE International Conference on Shape Modeling and Applications 2006 (SMI'06)}, 
	title={Laplace-Beltrami Eigenfunctions Towards an Algorithm That "Understands" Geometry}, 
	year={2006}, 
	pages={13-13}, 
	keywords={computational geometry;eigenvalues and eigenfunctions;graph theory;image reconstruction;image representation;mathematical operators;Laplace-Beltrami eigenfunction;differential operator;geometry processing;hierarchical function base;higher-level representation;image reconstruction;object parameterization;spherical harmonics;Calculus;Computational geometry;Eigenvalues and eigenfunctions;Finite element methods;Joining processes;Laplace equations;Mesh generation;Shape;Surface reconstruction;Topology}, 
	doi={10.1109/SMI.2006.21}, 
	month={June},}

@INPROCEEDINGS{SceneFromExample, 
	author={M. A. Dema and H. Sari-Sarraf}, 
	booktitle={Multimedia (ISM), 2012 IEEE International Symposium on}, 
	title={3D Scene Generation by Learning from Examples}, 
	year={2012}, 
	pages={58-64}, 
	keywords={entropy;solid modelling;3D model retrieval;3D training desk scene;MaxEnt distribution;Metropolis sampling;contextual constraint;data-driven 3D scene generation approach;maximum entropy model selection;model selection criterion;scene understanding;video game;virtual environment;Computational modeling;Entropy;Google;Histograms;Solid modeling;Training;Vectors;3D scene generation;Markov Random Field;Maximum Entropy}, 
	doi={10.1109/ISM.2012.19}, 
	month={Dec},}

@ARTICLE{Xu:2013:SSC:2461912.2461968,
	author = {Xu, Kun and Chen, Kang and Fu, Hongbo and Sun, Wei-Lun and Hu, Shi-Min},
	title = {Sketch2Scene: Sketch-based Co-retrieval and Co-placement of 3D Models},
	journal = {ACM Trans. Graph.},
	issue_date = {July 2013},
	volume = {32},
	number = {4},
	month = jul,
	year = {2013},
	issn = {0730-0301},
	pages = {123:1--123:15},
	articleno = {123},
	numpages = {15},
	url = {http://doi.acm.org/10.1145/2461912.2461968},
	doi = {10.1145/2461912.2461968},
	acmid = {2461968},
	publisher = {ACM},
	address = {New York, NY, USA},
	keywords = {3D scenes, co-retrieval, sketch based retrieval},
}

@ARTICLE{Fisher:2012:ESO:2366145.2366154,
	author = {Fisher, Matthew and Ritchie, Daniel and Savva, Manolis and Funkhouser, Thomas and Hanrahan, Pat},
	title = {Example-based Synthesis of 3D Object Arrangements},
	journal = {ACM Trans. Graph.},
	issue_date = {November 2012},
	volume = {31},
	number = {6},
	month = nov,
	year = {2012},
	issn = {0730-0301},
	pages = {135:1--135:11},
	articleno = {135},
	numpages = {11},
	url = {http://doi.acm.org/10.1145/2366145.2366154},
	doi = {10.1145/2366145.2366154},
	acmid = {2366154},
	publisher = {ACM},
	address = {New York, NY, USA},
	keywords = {3D scenes, automatic layout, data-driven methods, probabilistic modeling, procedural modeling},
}

@ARTICLE{Chen:2014:ASM:2661229.2661239,
	author = {Chen, Kang and Lai, Yu-Kun and Wu, Yu-Xin and Martin, Ralph and Hu, Shi-Min},
	title = {Automatic Semantic Modeling of Indoor Scenes from Low-quality RGB-D Data Using Contextual Information},
	journal = {ACM Trans. Graph.},
	issue_date = {November 2014},
	volume = {33},
	number = {6},
	month = nov,
	year = {2014},
	issn = {0730-0301},
	pages = {208:1--208:12},
	articleno = {208},
	numpages = {12},
	url = {http://doi.acm.org/10.1145/2661229.2661239},
	doi = {10.1145/2661229.2661239},
	acmid = {2661239},
	publisher = {ACM},
	address = {New York, NY, USA},
	keywords = {3D scenes, indoor scenes, model retrieval, part assembly, semantic modeling},
}

@INPROCEEDINGS{KinectFusion,
	author = {Izadi, Shahram and Kim, David and Hilliges, Otmar and Molyneaux, David and Newcombe, Richard and Kohli, Pushmeet and Shotton, Jamie and Hodges, Steve and Freeman, Dustin and Davison, Andrew and Fitzgibbon, Andrew},
	title = {KinectFusion: Real-time 3D Reconstruction and Interaction Using a Moving Depth Camera},
	booktitle = {Proceedings of the 24th Annual ACM Symposium on User Interface Software and Technology},
	series = {UIST '11},
	year = {2011},
	isbn = {978-1-4503-0716-1},
	location = {Santa Barbara, California, USA},
	pages = {559--568},
	numpages = {10},
	url = {http://doi.acm.org/10.1145/2047196.2047270},
	doi = {10.1145/2047196.2047270},
	acmid = {2047270},
	publisher = {ACM},
	address = {New York, NY, USA},
	keywords = {3D, AR, GPU, depth cameras, geometry-aware interactions, physics, surface reconstruction, tracking},
}
  
@inproceedings{Liu2015Model,
	title={Model-driven indoor scenes modeling from a single image},
	author={Liu, Zicheng and Zhang, Yan and Wu, Wentao and Liu, Kai and Sun, Zhengxing},
	booktitle={Graphics Interface Conference},
	year={2015},
}

@ARTICLE{GMM_PAMI, 
	author={B. Jian and B. C. Vemuri}, 
	journal={IEEE Transactions on Pattern Analysis and Machine Intelligence}, 
	title={Robust Point Set Registration Using Gaussian Mixture Models}, 
	year={2011}, 
	volume={33}, 
	number={8}, 
	pages={1633-1645}, 
	keywords={Gaussian processes;image registration;iterative methods;statistical analysis;Gaussian mixture models;iterative closest point method;robust point set registration problem;statistical robustness;Closed-form solution;Correlation;Iterative closest point algorithm;Kernel;Maximum likelihood estimation;Pattern matching;Robustness;Gaussian mixtures;Point set registration;nonrigid registration;robust matching.}, 
	doi={10.1109/TPAMI.2010.223}, 
	ISSN={0162-8828}, 
	month={Aug},}

@INPROCEEDINGS{TPS_RPM, 
	author={Haili Chui and A. Rangarajan}, 
	booktitle={Computer Vision and Pattern Recognition, 2000. Proceedings. IEEE Conference on}, 
	title={A new algorithm for non-rigid point matching}, 
	year={2000}, 
	volume={2}, 
	pages={44-51 vol.2}, 
	keywords={image matching;correspondence;deterministic annealing;non-rigid transformations;point matching;robust;thin-plate spline;Variable speed drives}, 
	doi={10.1109/CVPR.2000.854733}, 
	ISSN={1063-6919}, 
	month={},}

@ARTICLE{CPD, 
	author={A. Myronenko and X. Song}, 
	journal={IEEE Transactions on Pattern Analysis and Machine Intelligence}, 
	title={Point Set Registration: Coherent Point Drift}, 
	year={2010}, 
	volume={32}, 
	number={12}, 
	pages={2262-2275}, 
	keywords={Gaussian processes;computational complexity;computer vision;estimation theory;expectation-maximisation algorithm;image registration;probability;CPD algorithm;EM algorithm;GMM centroid locations;GMM centroids;Gaussian mixture model;coherence constraint;coherent point drift;computation complexity;computer vision;nonrigid transformations;optimal transformation;point set registration;probabilistic method;probability density estimation;reparameterization;topological structure;unknown nonrigid spatial transformation;Coherent Point Drift (CPD);EM algorithm.;Gaussian mixture model (GMM);Registration;alignment;coherence;correspondence;matching;nonrigid;point sets;regularization;rigid}, 
	doi={10.1109/TPAMI.2010.46}, 
	ISSN={0162-8828}, 
	month={Dec},}

@Inbook{Neal1998,
	author="Neal, Radford M.
	and Hinton, Geoffrey E.",
	editor="Jordan, Michael I.",
	title="A View of the Em Algorithm that Justifies Incremental, Sparse, and other Variants",
	bookTitle="Learning in Graphical Models",
	year="1998",
	publisher="Springer Netherlands",
	address="Dordrecht",
	pages="355--368",
	isbn="978-94-011-5014-9",
	doi="10.1007/978-94-011-5014-9_12",
	url="http://dx.doi.org/10.1007/978-94-011-5014-9_12"
}

@ARTICLE{SearchClassify,
	author = {Nan, Liangliang and Xie, Ke and Sharf, Andrei},
	title = {A Search-classify Approach for Cluttered Indoor Scene Understanding},
	journal = {ACM Trans. Graph.},
	issue_date = {November 2012},
	volume = {31},
	number = {6},
	month = nov,
	year = {2012},
	issn = {0730-0301},
	pages = {137:1--137:10},
	articleno = {137},
	numpages = {10},
	url = {http://doi.acm.org/10.1145/2366145.2366156},
	doi = {10.1145/2366145.2366156},
	acmid = {2366156},
	publisher = {ACM},
	address = {New York, NY, USA},
	keywords = {point cloud classification, reconstruction, scene understanding},
} 

@INPROCEEDINGS{Supervoxels, 
	author={J. Papon and A. Abramov and M. Schoeler and F. Wörgötter}, 
	booktitle={2013 IEEE Conference on Computer Vision and Pattern Recognition}, 
	title={Voxel Cloud Connectivity Segmentation - Supervoxels for Point Clouds}, 
	year={2013}, 
	pages={2027-2034}, 
	keywords={geometry;image resolution;image segmentation;unsupervised learning;3D space;RGB+D images;novel over-segmentation algorithm;point clouds;semantic object boundaries;spatial connectivity;spatial geometry;super pixel methods;three dimensional geometric relationships;unsupervised over-segmentation algorithm;voxel cloud connectivity segmentation-supervoxels;Cameras;Clustering algorithms;Image color analysis;Image edge detection;Image segmentation;Inference algorithms;Three-dimensional displays;PCL;kinect;pointclouds;segmentation;superpixels}, 
	doi={10.1109/CVPR.2013.264}, 
	ISSN={1063-6919}, 
	month={June},
}

@ARTICLE{GlobFit2011,
	title = {GlobFit: Consistently Fitting Primitives by Discovering Global Relations},
	author = {Yangyan Li and Xiaokun Wu and Yiorgos Chrysathou and Andrei Sharf and Daniel Cohen-Or and Niloy J. Mitra},
	journal = {ACM Transactions on Graphics (Proceedings of SIGGRAPH 2011)},
	volume = {30},
	issue = {4},
	pages = {Article No. 52},
	year = {2011}
}

@InProceedings{Taniai_2016_CVPR,
	author = {Taniai, Tatsunori and Sinha, Sudipta N. and Sato, Yoichi},
	title = {Joint Recovery of Dense Correspondence and Cosegmentation in Two Images},
	booktitle = {The IEEE Conference on Computer Vision and Pattern Recognition (CVPR)},
	month = {June},
	year = {2016}
}

@article{pixelobjectness,
	Author = {Jain, Suyog and Xiong, Bo and Grauman, Kristen},
	Journal = {arXiv preprint arXiv:1701.05349},
	Title = {Pixel Objectness},
	Year = {2017}
}

@inproceedings{grabcut,
	author = {Rother, Carsten and Kolmogorov, Vladimir and Blake, Andrew},
	title = {"GrabCut": Interactive Foreground Extraction Using Iterated Graph Cuts},
	booktitle = {ACM SIGGRAPH 2004 Papers},
	series = {SIGGRAPH '04},
	year = {2004},
	location = {Los Angeles, California},
	pages = {309--314},
	numpages = {6},
	url = {http://doi.acm.org/10.1145/1186562.1015720},
	doi = {10.1145/1186562.1015720},
	acmid = {1015720},
	publisher = {ACM},
	address = {New York, NY, USA},
	keywords = {Alpha Matting, Foreground extraction, Graph Cuts, Image Editing, Interactive Image Segmentation},
}


@INPROCEEDINGS{unsupervisededge, 
	author={Yin Li and Manohar Paluri and James M. Rehg and Piotr Dollar}, 
	booktitle={2016 IEEE Conference on Computer Vision and Pattern Recognition (CVPR)}, 
	title={Unsupervised Learning of Edges}, 
	year={2016}, 
	pages={1619-1627}, 
	keywords={edge detection;image denoising;motion estimation;neural nets;object detection;unsupervised learning;video signal processing;deep network;edge detection;edge detectors;hand-labeled region segments;motion estimation;noisy semidense matches;object boundaries;object detection;pretraining scheme;unsupervised learning;video data;Computer vision;Detectors;Estimation;Image edge detection;Object detection;Optical imaging;Training}, 
	doi={10.1109/CVPR.2016.179}, 
	month={June},
}

@INPROCEEDINGS{hough, 
	author={F. Tombari and L. Di Stefano}, 
	booktitle={2010 Fourth Pacific-Rim Symposium on Image and Video Technology}, 
	title={Object Recognition in 3D Scenes with Occlusions and Clutter by Hough Voting}, 
	year={2010}, 
	pages={349-355}, 
	keywords={Hough transforms;clutter;hidden feature removal;image matching;object recognition;shape recognition;3D Hough space;3D features matching;3D scenes;Hough voting;clutter;object recognition;occlusion;shapes detection;Clutter;Computational modeling;Feature extraction;Object recognition;Radio frequency;Solid modeling;Three dimensional displays;3D object recognition;Hough voting;surface matching}, 
	doi={10.1109/PSIVT.2010.65}, 
	month={Nov},}

@article{LOF,
	author = {Chen, Hui and Bhanu, Bir},
	title = {3D Free-form Object Recognition in Range Images Using Local Surface Patches},
	journal = {Pattern Recogn. Lett.},
	issue_date = {July, 2007},
	volume = {28},
	number = {10},
	month = jul,
	year = {2007},
	issn = {0167-8655},
	pages = {1252--1262},
	numpages = {11},
	url = {http://dx.doi.org/10.1016/j.patrec.2007.02.009},
	doi = {10.1016/j.patrec.2007.02.009},
	acmid = {1243599},
	publisher = {Elsevier Science Inc.},
	address = {New York, NY, USA},
	keywords = {3D object recognition, Free-form surface registration, Local surface patch, Model indexing, Range images},
}

@article{VXH,
	author = {Nie${\beta}$ner, Matthias and Zollh\"{o}fer, Michael and Izadi, Shahram and Stamminger, Marc},
	title = {Real-time 3D Reconstruction at Scale Using Voxel Hashing},
	journal = {ACM Trans. Graph.},
	issue_date = {November 2013},
	volume = {32},
	number = {6},
	month = nov,
	year = {2013},
	issn = {0730-0301},
	pages = {169:1--169:11},
	articleno = {169},
	numpages = {11},
	url = {http://doi.acm.org/10.1145/2508363.2508374},
	doi = {10.1145/2508363.2508374},
	acmid = {2508374},
	publisher = {ACM},
	address = {New York, NY, USA},
	keywords = {GPU, data structure, real-time reconstruction, scalable},
}

@article{PossionSampling,
	author = {Corsini, Massimiliano and Cignoni, Paolo and Scopigno, Roberto},
	title = {Efficient and Flexible Sampling with Blue Noise Properties of Triangular Meshes},
	journal = {IEEE Transactions on Visualization and Computer Graphics},
	issue_date = {June 2012},
	volume = {18},
	number = {6},
	month = jun,
	year = {2012},
	issn = {1077-2626},
	pages = {914--924},
	numpages = {11},
	url = {http://dx.doi.org/10.1109/TVCG.2012.34},
	doi = {10.1109/TVCG.2012.34},
	acmid = {2197094},
	publisher = {IEEE Educational Activities Department},
	address = {Piscataway, NJ, USA},
	keywords = {Geometry processing, computational geometry, three-dimensional graphics and realism, sampling, Poisson-disk sampling, Monte Carlo methods.},
} 

@INPROCEEDINGS{GOGMA, 
	author={D. Campbell and L. Petersson}, 
	booktitle={2016 IEEE Conference on Computer Vision and Pattern Recognition (CVPR)}, 
	title={GOGMA: Globally-Optimal Gaussian Mixture Alignment}, 
	year={2016}, 
	pages={5685-5694}, 
	keywords={Gaussian processes;image motion analysis;image registration;mixture models;optimisation;stereo image processing;tree searching;3D rigid motions;GOGMA;L2 distance;SE(3);branch-and-bound approach;globally-optimal Gaussian mixture alignment;local optimisation;objective function;point-set registration problem;space search;Hypercubes;Iterative closest point algorithm;Linear programming;Optimization;Robustness;Three-dimensional displays;Uncertainty}, 
	doi={10.1109/CVPR.2016.613}, 
	month={June},}

@INPROCEEDINGS{AGM, 
	author={B. Eckart and K. Kim and A. Troccoli and A. Kelly and J. Kautz}, 
	booktitle={2016 IEEE Conference on Computer Vision and Pattern Recognition (CVPR)}, 
	title={Accelerated Generative Models for 3D Point Cloud Data}, 
	year={2016}, 
	pages={5497-5505}, 
	keywords={computer graphics;expectation-maximisation algorithm;octrees;3D point cloud data;EM algorithm;NDT-based methods;PCD;accelerated generative models;compact generative representations;deterministic spatial subdivision methods;deterministic structures;dynamic creation;expectation sparsification;hierarchical expectation maximization algorithm;local mixture modeling;maximum likelihood segmentation;model fidelity;model size;octrees;probabilistic subdivisions;run-time occupancy calculations;sparsity;spatial perception applications;stochastic sampling;voxel grids;Computational modeling;Data models;Octrees;Probabilistic logic;Solid modeling;Three-dimensional displays}, 
	doi={10.1109/CVPR.2016.593}, 
	month={June},}


@article{dai2016bundlefusion,
	title={BundleFusion: Real-time Globally Consistent 3D Reconstruction using Online Surface Re-integration},
	author={Dai, Angela and Nie{\ss}ner, Matthias and Zollh\"ofer, Michael and Izadi, Shahram and Theobalt, Christian},
	journal={arXiv preprint arXiv:1604.01093},
	year={2016}
}