@article{Merrell11,
  title={Interactive furniture layout using interior design guidelines},
  author={Merrell, P. and E. Schkufza and Z. Li and M. Agrawala and V. Koltun},
  journal={ACM Trans. Graph. (Siggraph'11)},
  year={2011}
}

@article{craigyu2011furniture,
    author = {Lap-Fai Yu and Sai Kit Yeung and Chi-Keung Tang and Demetri Terzopoulos and Tony F. Chan and Stanley Osher},
    title = {Make it home: automatic optimization of furniture arrangement},
    journal = {ACM Trans. Graph.},
    volume = {30},
    year = {2011},
    number = {4},
    pages = {86}
}


@book{PileBook03,
author = {J. Pile},
title = {Interior Design},
year = {2003},
publisher = {Pearson}
}


@ARTICLE{Mobility2013,
	title = {Mobility-Trees for Indoor Scenes Manipulation},
	author = {A. Sharf and H. Huang and C. Liang and J. Zhang and B. Chen and M. Gong},
	journal = {Computer Graphics Forums},
	volume = {32},
	issue = {2},
	pages = {1-13},
	year = {2013},
} 




%%%%%%%%%%%%%%%%Color Patten %%%%%%%%%%
@inproceedings{patternColoring2013,
author = {Sharon Lin and Daniel Ritchie and Matthew Fisher and Pat Hanrahan},
title = {Probabilistic Color-by-Numbers: Suggesting Pattern Colorizations Using Factor Graphs},
booktitle = {ACM SIGGRAPH 2013 papers},
series = {SIGGRAPH '13},
year = {2013}}




@article{reinert:2013:ArtisticPacking,
  author = {Bernhard Reinert and Tobias Ritschel and Hans-Peter Seidel},
  title = {Interactive By-example Design of Artistic Packing Layouts},
  journal = {ACM Trans. Graph.}, 
  year = {2013},
  volume = {31},
  number = {6}
}

@inproceedings{CohenCH2006,
 author = {Cohen-Or, Daniel and Sorkine, Olga and Gal, Ran and Leyvand, Tommer and Xu, Ying-Qing},
 title = {Color Harmonization},
 booktitle = {ACM SIGGRAPH 2006 Papers},
 series = {SIGGRAPH '06},
 year = {2006},
 isbn = {1-59593-364-6},
 location = {Boston, Massachusetts},
 pages = {624--630},
 numpages = {7},
 url = {http://doi.acm.org/10.1145/1179352.1141933},
 doi = {10.1145/1179352.1141933},
 acmid = {1141933},
 publisher = {ACM},
 address = {New York, NY, USA},
 keywords = {color harmonization, computational aesthetics, cut-and-paste, image enhancement},
}


@ARTICLE{YanSiggraph14,

  title = {Proactive 3D Scanning of Inaccessible Parts},

  author = {Feilong Yan and Andrei Sharf and Wenzhen Lin and Hui Huang and Baoquan Chen},

  journal = {ACM Transactions on Graphics(Proc. of SIGGRAPH 2014)},

  volume = {33},

  number = {4},

  year = {2014}
}

@article{zollhoefer2014deformable,
	title={Real-time Non-rigid Reconstruction using an RGB-D Camera},
	author={Zollh{\"o}fer, Michael and Nie{\ss}ner, Matthias and Izadi, Shahram and Rehmann, Christoph and Zach, Christopher and Fisher, Matthew and Wu, Chenglei and Fitzgibbon, Andrew and Loop, Charles and Theobalt, Christian and Stamminger, Marc},
	journal = {ACM Transactions on Graphics (TOG)},
	publisher = {ACM},
	volume = {33},
	number = {4},
	year = {2014}
}

@inproceedings{Wand2007,
 author = {Wand, Michael and Jenke, Philipp and Huang, Qixing and Bokeloh, Martin and Guibas, Leonidas and Schilling, Andreas},
 title = {Reconstruction of Deforming Geometry from Time-varying Point Clouds},
 booktitle = {Proceedings of the Fifth Eurographics Symposium on Geometry Processing},
 series = {SGP '07},
 year = {2007},
 isbn = {978-3-905673-46-3},
 location = {Barcelona, Spain},
 pages = {49--58},
 numpages = {10},
 url = {http://dl.acm.org/citation.cfm?id=1281991.1281998},
 acmid = {1281998},
 publisher = {Eurographics Association},
 address = {Aire-la-Ville, Switzerland, Switzerland},
}
@article{sparseicp_sgp13,
author = {Sofien Bouaziz and Andrea Tagliasacchi and Mark Pauly},
title = {Sparse Iterative Closest Point},
journal = {Computer Graphics Forum (Symposium on Geometry Processing)},
volume = 32,
number = 5,
year = 2013,
pages = {1--11}}
		
@article{chang11global,
	author = {Will Chang and Matthias Zwicker},
	title = {Global Registration of Dynamic Range Scans for Articulated Model Reconstruction},
	journal = {ACM Transactions on Graphics},
	volume = {30},
	number = {3},
	year = {2011}, 
}



%%% Co-analysis

@article{Huang2014,
	author = {Huang, Qixing and Wang, Fan and Guibas, Leonidas},
	title = {Functional Map Networks for Analyzing and Exploring Large Shape Collections},
	journal = {ACM Trans. Graph.},
	issue_date = {July 2014},
	volume = {33},
	number = {4},
	month = jul,
	year = {2014},
	issn = {0730-0301},
	pages = {36:1--36:11},
	articleno = {36},
	numpages = {11},
	url = {http://doi.acm.org/10.1145/2601097.2601111},
	doi = {10.1145/2601097.2601111},
	acmid = {2601111},
	publisher = {ACM},
	address = {New York, NY, USA},
	keywords = {functional maps, shape analysis, shape exploration},
} 



@article{Su2014_3dattributes,
	author = {Su, Hao and Huang, Qixing and Mitra, Niloy J. and Li, Yangyan and Guibas, Leonidas},
	title = {Estimating Image Depth Using Shape Collections},
	journal = {ACM Trans. Graph.},
	issue_date = {July 2014},
	volume = {33},
	number = {4},
	month = jul,
	year = {2014},
	issn = {0730-0301},
	pages = {37:1--37:11},
	articleno = {37},
	numpages = {11},
	url = {http://doi.acm.org/10.1145/2601097.2601159},
	doi = {10.1145/2601097.2601159},
	acmid = {2601159},
	publisher = {ACM},
	address = {New York, NY, USA},
	keywords = {data-driven shape analysis, depth estimation, image retrieval, pose estimation, shape collections},
} 

 @article{Rustamov2013,
 	author = {Rustamov, Raif M. and Ovsjanikov, Maks and Azencot, Omri and Ben-Chen, Mirela and Chazal, Fr{\'e}d{\'e}ric and Guibas, Leonidas},
 	title = {Map-based Exploration of Intrinsic Shape Differences and Variability},
 	journal = {ACM Trans. Graph.},
 	issue_date = {July 2013},
 	volume = {32},
 	number = {4},
 	month = jul,
 	year = {2013},
 	issn = {0730-0301},
 	pages = {72:1--72:12},
 	articleno = {72},
 	numpages = {12},
 	url = {http://doi.acm.org/10.1145/2461912.2461959},
 	doi = {10.1145/2461912.2461959},
 	acmid = {2461959},
 	publisher = {ACM},
 	address = {New York, NY, USA},
 	keywords = {data-driven methods, shape comparison, shape matching, shape variability},
 } 


@INPROCEEDINGS{WangImageiccv2013, 
	author={Fan Wang and Qixing Huang and Guibas, L.J.}, 
	booktitle={Computer Vision (ICCV), 2013 IEEE International Conference on}, 
	title={Image Co-segmentation via Consistent Functional Maps}, 
	year={2013}, 
	month={Dec}, 
	pages={849-856}, 
	doi={10.1109/ICCV.2013.110}, 
	ISSN={1550-5499}
}


@article {xu_sig14,
	title = {Organizing Heterogeneous Scene Collection through Contextual Focal Points},
	author = {Kai Xu and Rui Ma and Hao Zhang and Chenyang Zhu and Ariel Shamir and Daniel Cohen-Or and Hui Huang},
	Journal = {ACM Transactions on Graphics, (Proc. of SIGGRAPH 2014)},
	volume = {33},
	number = {4},
	pages = {to appear},
	year = {2014}
}



%%%%%%%%%%%%%%%%%%%%%%%%%%%%%%%%%%%%% RGBD Mapping %%%%%%%%%%%%%%%%%%

@article{Hen12RGB,
	Author = {Henry, P. and Krainin, M. and Herbst, E. and Ren, X. and Fox, D.},
	Title = {{RGB-D} Mapping: Using Kinect-Style Depth Cameras for Dense {3D} Modeling of Indoor Environments},
	Journal = {International Journal of Robotics Research (IJRR)},
	Number = 5,
	Volume = 31,
	pages = {647--663},
	Month = {April},
	Year = 2012,
}

@Inproceedings{kinectfusion11, 
	author       = {Shahram Izadi and David Kim and Otmar Hilliges and David Molyneaux and Richard Newcombe and Pushmeet Kohli and Jamie Shotton and Steve Hodges and Dustin Freeman and Andrew Davison and Andrew Fitzgibbon},
	month        = {October},
	booktitle    = {ACM Symposium on User Interface Software and Technology},
	title        = {KinectFusion: Real-time 3D Reconstruction and Interaction Using a Moving Depth Camera},
	url          = {http://research.microsoft.com/apps/pubs/default.aspx?id=155416},
	year         = {2011},
}
 

@inproceedings{MuseumCSG12,
	author = {Jianxiong Xiao and Yasutaka Furukawa},
	title = {Reconstructing the World's Museums},
	booktitle = {Proceedings of the 12th European Conference on Computer Vision},
	series = {ECCV '12},
	year = {2012},
}


%%%%%%%%%%%%%%%%%%%%%%%%%%% Modeling and classification  RGBD  %%%%%%%%%%%%%%%%%%

@ARTICLE{NanIndoor2012,
	title = {A Search-Classify Approach for Cluttered Indoor Scene Understanding},
	author = {Liangliang Nan and Ke Xie and Andrei Sharf},
	journal = {ACM Transactions on Graphics (Proceedings of SIGGRAPH Asia 2012)},
	volume = {31},
	number = {6},
	year = {2012}
} 

@article{kmyg_acquireIndoor_sigga12,
	AUTHOR = "Young Min Kim and Niloy J. Mitra and Dong-Ming Yan  and Leonidas Guibas",
	TITLE = "Acquiring 3D Indoor Environments with Variability and Repetition",
	JOURNAL = "ACM Transactions on Graphics",
	VOLUME = "31",
	NUMBER = "6",  
	pages = {138:1--138:11},
	articleno = {138},
	numpages = {11}, 
	YEAR = "2012",
	numpages = {11},
}

@ARTICLE{shao12,
	AUTHOR = "Tianjia Shao and Weiwei Xu and Kun Zhou and Jingdong Wang and Dongping Li and Baining Guo",
	TITLE = "An interactive approach to semantic modeling of indoor scenes with an RGBD camera",
	JOURNAL = "ACM Trans. Graph.",
	PAGES = {136-136},
	YEAR = {2012},
}

@ARTICLE{IndoorUpdatingPG14,
	AUTHOR = {Zhenbao Liu and Sicong Tang and Weiwei Xu and Shuhui Bu and Junwei Han and Kun Zhou},
	TITLE = {Automatic 3{D} Indoor Scene Updating with RGBD Cameras},
	JOURNAL = {Computer Graphics Forum (Pacific Graphics)},
	VOLUME = {33},
	NUMBER = {7},
	YEAR = {2014},
}

@InProceedings{Koppula/etal/11,
	author = 	 {H. Koppula and A. Anand and T. Joachims and A. Saxena},
	title = 	 {Semantic Labeling of {3D} Point Clouds for Indoor Scenes},
	booktitle =	 {Conference on Neural Information Processing Systems (NIPS)},
	year =	 2011
}
%%%%%%%%%%%%%%%%%%%%%%%%%% example-based scene synthesis %%%%%%%%%%%%%%%%
 
@article{Fisherscenesynth12,
author = {Fisher, Matthew and Ritchie, Daniel and Savva, Manolis and Funkhouser, Thomas and Hanrahan, Pat},
title = {Example-based Synthesis of 3{D} Object Arrangements},
journal = {ACM Trans. Graph.},
issue_date = {November 2012},
volume = {31},
number = {6},
month = nov,
year = {2012},
issn = {0730-0301},
pages = {135:1--135:11},
articleno = {135},
numpages = {11},
url = {http://doi.acm.org/10.1145/2366145.2366154},
doi = {10.1145/2366145.2366154},
acmid = {2366154},
publisher = {ACM},
address = {New York, NY, USA},
keywords = {3D scenes, automatic layout, data-driven methods, probabilistic modeling, procedural modeling},
} 


@article{Xu13sig,
	author = {Kun Xu and Kang Chen and Hongbo Fu and Wei-Lun Sun and Shi-Min Hu},
	title = {Sketch2Scene: Sketch-based Co-retrieval and Co-placement of 3D Models},
	journal = {ACM Transactions on Graphics},
	volume = {32},
	number = {4},
	year = {2013},
	pages = {123:1--123:12},
} 



%%%%%%%%%%%%%%%%%%%%%% RGBD Image understanding, Segmentation, Interaction  %%%%%%%%%%%%%%%%
@inproceedings{Silberman:ECCV12,
	author    = {Nathan Silberman, Derek Hoiem, Pushmeet Kohli and Rob Fergus},
	title     = {Indoor Segmentation and Support Inference from RGBD Images},
	booktitle = {ECCV},
	year      = {2012}
}



@article{candes2011robust,
	title={Robust principal component analysis?},
	author={Cand{\`e}s, Emmanuel J and Li, Xiaodong and Ma, Yi and Wright, John},
	journal={Journal of the ACM (JACM)},
	volume={58},
	number={3},
	pages={11},
	year={2011},
	publisher={ACM}
}


%%%%%%%%%%%%%%%%%%%%%%%%%%%%%%% ddCRP %%%%%%%%%%%%%%%%%%%%%%%%%%%%%%

@article{ddCRPBlei,
	author = {Blei, David M. and Frazier, Peter I.},
	title = {Distance Dependent Chinese Restaurant Processes},
	journal = {J. Mach. Learn. Res.},
	issue_date = {2/1/2011},
	volume = {12},
	month = nov,
	year = {2011},
	issn = {1532-4435},
	pages = {2461--2488},
	numpages = {28},
	url = {http://dl.acm.org/citation.cfm?id=1953048.2078184},
	acmid = {2078184},
	publisher = {JMLR.org},
} 


@inproceedings{walon13cvpr,
	title = {Multi-Class Video Co-Segmentation with a Generative Multi-Video Model},
	author = {Wei-Chen Chiu and Mario Fritz},
	url = {https://scalable.mpi-inf.mpg.de/files/2013/04/chiu13cvpr.pdf
	https://sites.google.com/site/walonchiu/projects/cosegmentation},
	year = {2013},
	date = {2013-01-01},
	booktitle = {IEEE Conference on Computer Vision and Pattern Recognition (CVPR)},
	keywords = {}
}

@article{ShiNcut2000,
	author = {Shi, Jianbo and Malik, Jitendra},
	title = {Normalized Cuts and Image Segmentation},
	journal = {IEEE Trans. Pattern Anal. Mach. Intell.},
	issue_date = {August 2000},
	volume = {22},
	number = {8},
	month = aug,
	year = {2000},
	issn = {0162-8828},
	pages = {888--905},
	numpages = {18},
	url = {http://dx.doi.org/10.1109/34.868688},
	doi = {10.1109/34.868688},
	acmid = {351611},
	publisher = {IEEE Computer Society},
	address = {Washington, DC, USA},
	keywords = {Grouping, image segmentation, graph partitioning.}
} 

@article{MalikIC01,
	author = {Malik, Jitendra and Belongie, Serge and Leung, Thomas and Shi, Jianbo},
	title = {Contour and Texture Analysis for Image Segmentation},
	journal = {Int. J. Comput. Vision},
	issue_date = {June 2001},
	volume = {43},
	number = {1},
	month = jun,
	year = {2001},
	issn = {0920-5691},
	pages = {7--27},
	numpages = {21},
	url = {http://dx.doi.org/10.1023/A:1011174803800},
	doi = {10.1023/A:1011174803800},
	acmid = {543016},
	publisher = {Kluwer Academic Publishers},
	address = {Hingham, MA, USA},
	keywords = {cue integration, grouping, normalized cut, segmentation, texton, texture},
} 


@article {xu_siga15,
	title = {Autoscanning for Coupled Scene Reconstruction and Proactive Object Analysis},
	author = {Kai Xu and Hui Huang and Yifei Shi and Hao Li and Pinxin Long and Jiannong Caichen and Wei Sun and Baoquan Chen},
	journal = {ACM Transactions on Graphics (Proc. of SIGGRAPH Asia 2015)},
	volume = {34},
	number = {6},
	pages = {to appear},
	year = {2015}
}

@article{savva2014scenegrok,
	title={SceneGrok: Inferring Action Maps in 3D Environments},
	author={Manolis Savva and Angel X. Chang and Pat Hanrahan and Matthew Fisher and Matthias Nie{\ss}ner},
	journal = {ACM Transactions on Graphics (TOG)},
	publisher = {ACM},
	volume = {33},
	number = {6},
	year = {2014}
}

@article{HuICON2015,
	author = {Hu, Ruizhen and Zhu, Chenyang and van Kaick, Oliver and Liu, Ligang and Shamir, Ariel and Zhang, Hao},
	title = {Interaction Context (ICON): Towards a Geometric Functionality Descriptor},
	journal = {ACM Trans. Graph.},
	issue_date = {August 2015},
	volume = {34},
	number = {4}, 
	year = {2015},
	pages = {83:1--83:12},
} 

@article{fisher2015actsynth,
	author = {Fisher, Matthew and Savva, Manolis and Li, Yangyan and Hanrahan, Pat and Nie{\ss}ner, Matthias},
	title = {Activity-centric Scene Synthesis for Functional 3D Scene Modeling},
	journal = {ACM Transactions on Graphics (TOG)},
	publisher = {ACM},
	year = {2015},
	volume = {34},
	number = {6}
	}
	
@article{NieBner:2013:VoxelHashing,
	author = {Nie{\ss}ner, Matthias and Zollh\"{o}fer, Michael and Izadi, Shahram and Stamminger, Marc},
	title = {Real-time 3D Reconstruction at Scale Using Voxel Hashing},
	journal = {ACM Trans. Graph.},
	issue_date = {November 2013},
	volume = {32},
	number = {6},
	year = {2013},
	pages = {169:1--169:11},
} 

@inproceedings{Evangelidis-ECCV-2014,
	author = {Evangelidis, G.D. and Kounades-Bastian, D. and Horaud, R. and Psarakis E.Z.},
	title = {A generative model for the joint registration of multiple point sets},
	booktitle = {European Conference on Computer Vision (ECCV)},
	year = {2014},
}


@article{Jia20153D,
	title={3{D} Reasoning from Blocks to Stability},
	author={Jia, Zhaoyin and Gallagher, Andrew C. and Saxena, Ashutosh and Chen, Tsuhan},
	journal={IEEE Transactions on Pattern Analysis and Machine Intelligence},
	volume={37},
	number={5},
	pages={905-918},
	year={2015},
}